<record><leader>00000cas a2200000 i 4500</leader><controlfield tag="001">4403912</controlfield><controlfield tag="008">781129c19659999azuzr n      s0    1eng d</controlfield><datafield ind1=" " ind2=" " tag="010"><subfield code="a">sn 95060689 </subfield></datafield><datafield ind1=" " ind2=" " tag="040"><subfield code="a">AZU</subfield><subfield code="b">eng</subfield><subfield code="c">AZU</subfield><subfield code="d">ANN</subfield><subfield code="d">OCL</subfield><subfield code="d">OCLCQ</subfield><subfield code="d">WAU</subfield><subfield code="d">OCLCQ</subfield><subfield code="d">OCLCF</subfield></datafield><datafield ind1="1" ind2=" " tag="029"><subfield code="a">AU@</subfield><subfield code="b">000025856817</subfield></datafield><datafield ind1=" " ind2=" " tag="042"><subfield code="a">msc</subfield></datafield><datafield ind1=" " ind2=" " tag="043"><subfield code="a">n-us-az</subfield></datafield><datafield ind1="0" ind2="0" tag="245"><subfield code="a">Arizona daily wildcat.</subfield></datafield><datafield ind1="1" ind2="0" tag="247"><subfield code="a">Arizona weekly life</subfield><subfield code="f">1911/12.</subfield></datafield><datafield ind1="1" ind2="0" tag="247"><subfield code="a">University life</subfield><subfield code="f">1912/13.</subfield></datafield><datafield ind1="1" ind2="0" tag="247"><subfield code="a">Arizona life</subfield><subfield code="f">1913/14-1914/15.</subfield></datafield><datafield ind1="1" ind2="0" tag="247"><subfield code="a">Arizona wildcat</subfield><subfield code="f">1915/16-Apr. 15, 1965.</subfield></datafield><datafield ind1=" " ind2=" " tag="260"><subfield code="a">Tucson, Ariz. :</subfield><subfield code="b">University of Arizona,</subfield><subfield code="c">1965-</subfield></datafield><datafield ind1=" " ind2=" " tag="300"><subfield code="a">v. :</subfield><subfield code="b">ill. ;</subfield><subfield code="c">43 cm.</subfield></datafield><datafield ind1=" " ind2=" " tag="310"><subfield code="a">Five times a week</subfield></datafield><datafield ind1="0" ind2=" " tag="362"><subfield code="a">Vol. 56, no. 101 (Apr. 21, 1965)-</subfield></datafield><datafield ind1=" " ind2=" " tag="515"><subfield code="a">Published five times per week during the school year except during holidays and examination periods.</subfield></datafield><datafield ind1="2" ind2="0" tag="610"><subfield code="a">University of Arizona</subfield><subfield code="x">Students</subfield><subfield code="v">Newspapers.</subfield></datafield><datafield ind1=" " ind2="0" tag="651"><subfield code="a">Tucson (Ariz.)</subfield><subfield code="v">Newspapers.</subfield></datafield><datafield ind1=" " ind2="0" tag="655"><subfield code="a">College student newspapers and periodicals</subfield><subfield code="z">Arizona</subfield><subfield code="z">Tucson.</subfield></datafield><datafield ind1=" " ind2="7" tag="655"><subfield code="a">College student newspapers</subfield><subfield code="z">Arizona</subfield><subfield code="z">Tucson.</subfield><subfield code="2">ngl</subfield></datafield><datafield ind1=" " ind2="7" tag="655"><subfield code="a">Newspapers.</subfield><subfield code="2">fast</subfield><subfield code="0">(OCoLC)fst01423814</subfield></datafield><datafield ind1="2" ind2="7" tag="610"><subfield code="a">University of Arizona.</subfield><subfield code="2">fast</subfield><subfield code="0">(OCoLC)fst00533706</subfield></datafield><datafield ind1=" " ind2="7" tag="650"><subfield code="a">Students.</subfield><subfield code="2">fast</subfield><subfield code="0">(OCoLC)fst01136041</subfield></datafield><datafield ind1=" " ind2="7" tag="651"><subfield code="a">Arizona</subfield><subfield code="z">Tucson.</subfield><subfield code="2">fast</subfield><subfield code="0">(OCoLC)fst01205454</subfield></datafield><datafield ind1=" " ind2=" " tag="752"><subfield code="a">United States</subfield><subfield code="b">Arizona</subfield><subfield code="c">Pima</subfield><subfield code="d">Tucson.</subfield></datafield><datafield ind1="0" ind2="0" tag="780"><subfield code="t">Arizona wildcat</subfield><subfield code="w">(DLC)sn 95060688</subfield></datafield></record>